2015/10/12 Exxon
    Expenses:Auto:Gas         $10.00
    Liabilities:MasterCard   $-10.00

2023/06/11 My sunday drive
	Liabilities:MasterCard		23
	Expenses:Auto:Gas		-23

2023/06/11 sd
	Expenses:Auto:Gas		€10
	Liabilities:MasterCard		-€10

2023/06/11 My
	Expenses:Auto:Gas		€10
	Liabilities:MasterCard		-€10

2023/06/11 My
	Expenses:Auto:Gas		€230
	Liabilities:MasterCard		-€230

